@misc{shannon40,
      author = "Claude Elwood Shannon",
      title = "A Symbolic Analysis of Relay and Switching Circuits",
      school    = "MIT",
      month = "December",
      year = "1940",
      note = "\url{https://dspace.mit.edu/handle/1721.1/11173}"
}

@inproceedings{qnuth07,
	author		= "Reginald J. Qnuth",
	title		= "A Systematic Evaluation of the Observed Degradation of Typesetting Technology in the 20th Century",
	booktitle	= "Proceedings of ACH SIGBOVIK",
	pages		= "65--76",
	year		= "2007"
}

@inbook{chlipala13a,
	author	= "Adam Chlipala",
	title	= "Certified Programming With Dependent Types : a Pragmatic Introduction to the Coq Proof Assistant",
	chapter	= "16",
	pages	= "363--371",
	publisher= "MIT Press",
	year	= "2013"
}

@inbook{bertot,
	author	= "Yves Bertot and Pierre Cast\'{e}ran",
	title	= "Interactive Theorem Proving and Program Development",
	chapter	= "7",
	pages	= "201--204",
	publisher= "Springer",
	year	= "2004"
}

